@article{Bertone_2005,
   title={Particle dark matter: evidence, candidates and constraints},
   volume={405},
   ISSN={0370-1573},
   url={http://dx.doi.org/10.1016/j.physrep.2004.08.031},
   DOI={10.1016/j.physrep.2004.08.031},
   number={5-6},
   journal={Physics Reports},
   publisher={Elsevier BV},
   author={Bertone, Gianfranco and Hooper, Dan and Silk, Joseph},
   year={2005},
   month={Jan},
   pages={279–390}
}

@article{Matos_2001,
   title={Further analysis of a cosmological model with quintessence and scalar dark matter},
   volume={63},
   ISSN={1089-4918},
   url={http://dx.doi.org/10.1103/PhysRevD.63.063506},
   DOI={10.1103/physrevd.63.063506},
   number={6},
   journal={Physical Review D},
   publisher={American Physical Society (APS)},
   author={Matos, Tonatiuh and Arturo Ureña-López, L.},
   year={2001},
   month={Feb}
}

@article{Sikivie_2009,
   title={Bose-Einstein Condensation of Dark Matter Axions},
   volume={103},
   ISSN={1079-7114},
   url={http://dx.doi.org/10.1103/PhysRevLett.103.111301},
   DOI={10.1103/physrevlett.103.111301},
   number={11},
   journal={Physical Review Letters},
   publisher={American Physical Society (APS)},
   author={Sikivie, P. and Yang, Q.},
   year={2009},
   month={Sep}
}

@article{B_hm_2004,
   title={Scalar dark matter candidates},
   volume={683},
   ISSN={0550-3213},
   url={http://dx.doi.org/10.1016/j.nuclphysb.2004.01.015},
   DOI={10.1016/j.nuclphysb.2004.01.015},
   number={1-2},
   journal={Nuclear Physics B},
   publisher={Elsevier BV},
   author={Bœhm, C. and Fayet, P.},
   year={2004},
   month={Apr},
   pages={219–263}
}

@article{Lee_1996,
   title={Galactic halos as boson stars},
   volume={53},
   ISSN={1089-4918},
   url={http://dx.doi.org/10.1103/PhysRevD.53.2236},
   DOI={10.1103/physrevd.53.2236},
   number={4},
   journal={Physical Review D},
   publisher={American Physical Society (APS)},
   author={Lee, Jae-weon and Koh, In-gyu},
   year={1996},
   month={Feb},
   pages={2236–2239}
}


@article{Arbey_2003,
   title={Galactic halos of fluid dark matter},
   volume={68},
   ISSN={1089-4918},
   url={http://dx.doi.org/10.1103/PhysRevD.68.023511},
   DOI={10.1103/physrevd.68.023511},
   number={2},
   journal={Physical Review D},
   publisher={American Physical Society (APS)},
   author={Arbey, Alexandre and Lesgourgues, Julien and Salati, Pierre},
   year={2003},
   month={Jul}
}

@article{Harko_2011,
   title={Bose-Einstein condensation of dark matter solves the core/cusp problem},
   volume={2011},
   ISSN={1475-7516},
   url={http://dx.doi.org/10.1088/1475-7516/2011/05/022},
   DOI={10.1088/1475-7516/2011/05/022},
   number={05},
   journal={Journal of Cosmology and Astroparticle Physics},
   publisher={IOP Publishing},
   author={Harko, T},
   year={2011},
   month={May},
   pages={022–022}
}


